@misc{ref1,
  author       = {{ResearchGate}},
  title        = {An example of C-AMAT and pure miss | Download Scientific Diagram},
  howpublished = {\url{https://www.researchgate.net/figure/An-example-of-C-AMAT-and-pure-miss_fig1_325254598}},
  note         = {Accessed: April 15, 2025}
}

@misc{illustrationCAMATPureMiss,
  author       = {{ResearchGate}},
  title        = {Illustration of C-AMAT model and Pure Miss.},
  howpublished = {\url{https://www.researchgate.net/figure/llustration-of-C-AMAT-model-and-Pure-Miss_fig1_369520504}},
  note         = {Accessed: April 15, 2025}
}

@techreport{sun2022proceedings,
  author       = {Feng, B. and Pedrielli, G. and Peng, Y. and Shashaani, S. and Song, E. and Corlu, C.G. and Lee, L.H.},
  title        = {Proceedings of the 2022 Winter Simulation Conference},
  institution  = {National Science Foundation (NSF)},
  year         = {2022},
  number       = {10423827},
  howpublished = {\url{https://par.nsf.gov/servlets/purl/10423827}},
  note         = {Accessed: April 15, 2025. Also cited as ref 3}
}

@misc{feng2022proceedings,
  author       = {Feng, B. and Pedrielli, G. and Peng, Y. and Shashaani, S. and Song, E. and Corlu, C.G. and Lee, L.H.},
  title        = {Proceedings of the 2022 Winter Simulation Conference},
  year         = {2022},
  howpublished = {\url{https://par.nsf.gov/servlets/purl/10423827}},
  note         = {Accessed: April 15, 2025. Also cited as ref 8}
}


@misc{sunCAMATPage,
  author       = {{Computer Science Department, Illinois Institute of Technology}},
  title        = {Concurrent Average Memory Access Time (C-AMAT)},
  howpublished = {\url{http://cs.iit.edu/~scs/research/c-amat/c-amat.html}},
  note         = {Accessed: April 15, 2025. Also cited as ref 4}
}

@misc{wikiAMAT,
  author       = {{Wikipedia}},
  title        = {Average memory access time},
  howpublished = {\url{https://en.wikipedia.org/wiki/Average_memory_access_time}},
  note         = {Accessed: April 15, 2025. Also cited as ref 5}
}

@inproceedings{sun2020performance,
  author       = {Sun, Hao and Yang, Hai and Islam, Misbah and {Balaprakash}, {Prasanna} and {Guo}, {Zhiling} and {Xu}, {Li} and {Sun}, {Xian-He}},
  title        = {Performance Modeling and Evaluation of a Production Disaggregated Memory System},
  booktitle    = {Proceedings of the 11th International Workshop on Memory Systems (MEMSYS '20)},
  year         = {2020},
  pages        = {235--246},
  howpublished = {\url{https://www.memsys.io/wp-content/uploads/2020/10/p235-sun.pdf}},
  note         = {Accessed: April 15, 2025. Also cited as ref 6}
}

@misc{sun2018optimizing,
  author       = {{SlideServe}},
  title        = {Optimizing Data Access Speed with C-AMAT Metric},
  howpublished = {\url{https://www.slideserve.com/plorna/c-amat-concurrent-average-memory-access-time-powerpoint-ppt-presentation}},
  note         = {Accessed: April 15, 2025. Likely based on work by X.-H. Sun et al. Also cited as ref 7}
}

@inproceedings{zhang2017evaluating,
  author       = {Zhang, Z. and Feng, B. and Sun, X.-H.},
  title        = {Evaluating GPGPU Memory Performance Through the C-AMAT Model},
  booktitle    = {Proceedings of the Workshop on Memory Centric High Performance Computing (MCHPC'17)},
  year         = {2017},
  howpublished = {\url{https://passlab.github.io/mchpc/mchpc2017Proceedings/MCHPC17-GPUCAMAT-Zhang-final.pdf}},
  note         = {Accessed: April 15, 2025. Also cited as ref 9}
}

@article{sun2014camat,
  author       = {Sun, Xian-He and Ge, Rong and Zhang, Zhuo},
  title        = {Concurrent Average Memory Access Time},
  journal      = {IEEE Transactions on Parallel and Distributed Systems},
  year         = {2014},
  volume       = {27},
  number       = {4},
  pages        = {1065--1077},
  doi          = {10.1109/TPDS.2015.2445899},
  note         = {Original C-AMAT paper, referenced via ResearchGate Request PDF link as ref 10}
}

@inproceedings{liu2024lpm,
  author       = {Liu, Yuhang and Sun, Xian-He},
  title        = {{LPM}: Concurrency-Driven Layered Performance Matching},
  booktitle    = {Proceedings of the ACM International Conference on Supercomputing (ICS '24)},
  year         = {2024},
  howpublished = {\url{https://liuyuhang.cc/wp-content/uploads/2024/09/LPM_Concurrency-Driven_Layered_Performance_Matching.pdf}},
  note         = {Accessed: April 15, 2025. Also cited as ref 11}
}

@techreport{wang2022care,
  author       = {Wang, Y. and Tong, Z. and Lu, K. and Sun, X.-H.},
  title        = {{CARE}: A Concurrency-Aware Enhanced Lightweight Cache Management Framework},
  institution  = {National Science Foundation (NSF)},
  year         = {2022},
  number       = {10410231},
  howpublished = {\url{https://par.nsf.gov/servlets/purl/10410231}},
  note         = {Accessed: April 15, 2025. Also cited as ref 12}
}

@misc{sunCAMATSlides,
  author       = {Sun, Xian-He},
  title        = {IIT CS570 Graduate Advanced Computer Architecture - C-AMAT Model},
  howpublished = {\url{http://www.cs.iit.edu/~scs/psfiles/C-AMAT_Model-p.ppt}},
  note         = {Accessed: April 15, 2025. Also cited as ref 13}
}

@misc{iitMemoryParallelism,
  author       = {{Computer Science Department, Illinois Institute of Technology}},
  title        = {Utilizing Memory Parallelism for High Performance Data Processing},
  howpublished = {\url{http://www.cs.iit.edu/~scs/assets/projects/memory/index.html}},
  note         = {Accessed: April 15, 2025. Also cited as ref 14}
}

@inproceedings{liu2024cal,
  author       = {Liu, Yuhang and Sun, Xian-He},
  title        = {{CaL}: Extending Data Locality to Consider Concurrency for Performance Optimization},
  booktitle    = {Proceedings of the IEEE International Parallel and Distributed Processing Symposium (IPDPS '24)},
  year         = {2024},
  howpublished = {\url{https://liuyuhang.cc/wp-content/uploads/2024/09/CaL.pdf}},
  note         = {Accessed: April 15, 2025. Also cited as ref 15}
}

@misc{iitGnosisOptmem,
  author       = {{Gnosis Research Center, Illinois Institute of Technology}},
  title        = {Optimization of Memory Architectures: A Foundation Approach},
  howpublished = {\url{https://grc.iit.edu/research/projects/optmem/}},
  note         = {Accessed: April 15, 2025. Also cited as ref 16}
}

@misc{concurrentMemAccessStudy,
  author       = {{ResearchGate}},
  title        = {Study case of concurrent memory accesses from a single application.},
  howpublished = {\url{https://www.researchgate.net/figure/Study-case-of-concurrent-memory-accesses-from-a-single-application_fig2_369520504}},
  note         = {Accessed: April 15, 2025. Also cited as ref 17}
}

@techreport{sun2020study,
  author       = {Sun, Xian-He},
  title        = {A Study on Modeling and Optimization of Memory Systems},
  institution  = {National Science Foundation (NSF)},
  year         = {2020},
  number       = {10251070},
  howpublished = {\url{https://par.nsf.gov/servlets/purl/10251070}},
  note         = {Accessed: April 15, 2025. Also cited as ref 18}
}

@inproceedings{liu2019lpm,
  author       = {Liu, Yuhang and Sun, Xian-He},
  title        = {{LPM}: A Systematic Methodology for Concurrent Data Access Pattern Optimization from a Matching Perspective},
  booktitle    = {Proceedings of the 2019 IEEE International Conference on Cluster Computing (CLUSTER)},
  year         = {2019},
  pages        = {1--11},
  doi          = {10.1109/CLUSTER.2019.8890995},
  howpublished = {\url{http://www.cs.iit.edu/~scs/assets/files/liu2019lpm.pdf}},
  note         = {Accessed: April 15, 2025. Also cited as ref 19}
}

@misc{liu2019lpmAlt,
  author       = {Liu, Yuhang and Sun, Xian-He},
  title        = {{LPM}: A Systematic Methodology for Concurrent Data Access Pattern Optimization from a Matching Perspective},
  year         = {2019},
  howpublished = {\url{https://liuyuhang.cc/wp-content/uploads/2024/09/LPM_A_Systematic_Methodology_for_Concurrent_Data_Access_Pattern_Optimization_from_a_Matching_Perspective.pdf}},
  note         = {Accessed: April 15, 2025. Also cited as ref 20}
}

@misc{sunMemoryPdf,
  author       = {Sun, Xian-He},
  title        = {Memory Wall Problem and Optimization}, % Title assumed based on context
  howpublished = {\url{http://www.cs.iit.edu/~scs/assets/files/isc-memory.pdf}},
  note         = {Accessed: April 15, 2025. Likely presentation slides. Also cited as ref 21}
}

@misc{hpcAsia2025Speakers,
  author       = {{HPC Asia 2025}},
  title        = {Invited Speakers},
  howpublished = {\url{https://event1.nchc.org.tw/hpcasia2025/speakers.html}},
  note         = {Accessed: April 15, 2025. Shows X.-H. Sun as speaker. Also cited as ref 22}
}

@misc{sunSluiceGate,
  author       = {Sun, Xian-He},
  title        = {The Sluice Gate Theory},
  howpublished = {\url{http://www.cs.iit.edu/~scs/psfiles/hpc-china-2015-2.pdf}},
  note         = {Accessed: April 15, 2025. Presentation from HPC China 2015. Also cited as ref 23}
}

@misc{sun2024lectureDGUT,
  author       = {{东莞理工学院 (Dongguan University of Technology)}},
  title        = {美国伊利诺伊理工大学杰出教授、IEEE Fellow孙贤和特邀讲座},
  year         = {2024},
  howpublished = {\url{https://dgut.edu.cn/info/1028/17619.htm}},
  note         = {Accessed: April 15, 2025. Mentions 150x reduction. Also cited as ref 24}
}

@inproceedings{ge2018evaluating,
  author       = {Ge, Rong and Zhang, Zhuo and Sun, Xian-He},
  title        = {Evaluating Memory Performance of Emerging Scale-Out Applications Using C-AMAT},
  booktitle    = {2018 IEEE International Symposium on Performance Analysis of Systems and Software (ISPASS)},
  year         = {2018},
  pages        = {117--118},
  doi          = {10.1109/ISPASS.2018.00022},
  howpublished = {\url{https://www.computer.org/csdl/proceedings-article/ispass/2018/501001a117/12OmNzRZpXT}},
  note         = {Accessed: April 15, 2025. Also cited as ref 25}
}

@inproceedings{feng2017factor,
  author       = {Feng, B. and Liu, Y. and Sun, X. H.},
  title        = {Factor-Based C-AMAT Analysis for Memory Optimization},
  booktitle    = {2017 IEEE International Conference on Cluster Computing (CLUSTER)},
  year         = {2017},
  pages        = {756--757},
  doi          = {10.1109/CLUSTER.2017.113},
  note         = {Referenced via ResearchGate Request PDF link as ref 26}
}

@article{memHierarchyOptHPC,
  author       = {Author(s) Unknown}, % Find actual authors if possible
  title        = {Memory Hierarchy Optimization Strategies for High- Performance Computing Architectures},
  journal      = {ResearchGate Publication}, % Placeholder, find actual source
  year         = {2024}, % Assuming based on citation number
  doi          = {10.13140/RG.2.2.13868.23684}, % Example DOI if found
  howpublished = {\url{https://www.researchgate.net/publication/389044560_Memory_Hierarchy_Optimization_Strategies_for_High-_Performance_Computing_Architectures}},
  note         = {Accessed: April 15, 2025. Also cited as ref 27}
}

@misc{sun2020performanceALCF,
  author       = {Sun, Hao and Yang, Hai and Islam, Misbah and {Balaprakash}, {Prasanna} and {Guo}, {Zhiling} and {Xu}, {Li} and {Sun}, {Xian-He}},
  title        = {Performance Modeling and Evaluation of a Production Disaggregated Memory System},
  howpublished = {\url{https://www.alcf.anl.gov/sites/default/files/memsys20_camera_ready-final%20%281%29.pdf}},
  year         = {2020},
  note         = {Accessed: April 15, 2025. Camera-ready version of ref 6. Also cited as ref 28}
}

@inproceedings{wang2021copim,
  author       = {Wang, Yijia and Lu, Kai and Sun, Xian-He},
  title        = {{CoPIM}: A Concurrency-aware PIM Workload Offloading Architecture for Graph Applications},
  booktitle    = {Proceedings of the 50th International Conference on Parallel Processing (ICPP '21)},
  year         = {2021},
  howpublished = {\url{https://par.nsf.gov/servlets/purl/10338418}},
  note         = {Accessed: April 15, 2025. Also cited as ref 29}
}

@article{li2022camat,
  author       = {Li, Wen-zhuo and Liu, Xiao-Dong and Fan, Dong-Rui and Deng, Qing-Yang and Li, Qiang and Wang, Lei},
  title        = {C-AMAT Measurement Method Based on Cache Access Mode and Its Application in Graph Computing},
  journal      = {Journal of Computer Research and Development (计算机研究与发展)},
  year         = {2022},
  volume       = {59},
  number       = {10},
  pages        = {2243--2257},
  doi          = {10.7544/issn1000-1239.202220818},
  howpublished = {\url{https://crad.ict.ac.cn/en/article/doi/10.7544/issn1000-1239.202220818}},
  note         = {Accessed: April 15, 2025. Also cited as ref 30}
}

@misc{cachePerfMetricsSlides,
  author       = {Zhang, Zhao},
  title        = {Cache Performance Metrics},
  howpublished = {\url{https://home.engineering.iastate.edu/zzhang/courses/cpre585-f04/slides/lecture14.pdf}},
  note         = {Accessed: April 15, 2025. Course slides. Also cited as ref 31}
}

@misc{cacheReplacementFiveable,
  author       = {{Fiveable Library}},
  title        = {Cache Replacement and Write Policies | Advanced Computer Architecture Class Notes},
  howpublished = {\url{https://library.fiveable.me/advanced-computer-architecture/unit-7/cache-replacement-write-policies/study-guide/OYpe2aD5JCvYaxRh}},
  note         = {Accessed: April 15, 2025. Also cited as ref 32}
}

@misc{cacheReplacementWiki,
  author       = {{Wikipedia}},
  title        = {Cache replacement policies},
  howpublished = {\url{https://en.wikipedia.org/wiki/Cache_replacement_policies}},
  note         = {Accessed: April 15, 2025. Also cited as ref 33}
}

@misc{cacheReplacementArm,
  author       = {{Arm Developer}},
  title        = {Replacement policy - ARM Cortex-A Series Programmer's Guide for ARMv7-A},
  howpublished = {\url{https://developer.arm.com/documentation/den0013/d/Caches/Cache-policies/Replacement-policy}},
  note         = {Accessed: April 15, 2025. Also cited as ref 34}
}

@techreport{mowry1992memopt,
  author       = {Mowry, Todd C. and Lam, Monica S. and Gupta, Anoop},
  title        = {Design and Evaluation of a Compiler Algorithm for Prefetching},
  institution  = {Stanford University},
  year         = {1992},
  howpublished = {\url{https://suif.stanford.edu/papers/mowry92/subsection3_1_2.html}}, % Section link
  note         = {Accessed: April 15, 2025. Original SUIF paper subsection. Also cited as ref 35}
}

@misc{cacheOptSlides,
  author       = {{Passlab GitHub}},
  title        = {Lecture 12: Memory Hierarchy -- Cache Optimizations},
  howpublished = {\url{https://passlab.github.io/CSCE513/notes/lecture12_CacheOptimizations.pdf}},
  note         = {Accessed: April 15, 2025. Course slides. Also cited as ref 36}
}

@article{hermes2024arxiv,
  author       = {Nardi, Luca and Cavalcante, Luigi and Scheidegger, Fabian and Kong, Martin},
  title        = {{HERMES}: High-Performance RISC-V Memory Hierarchy for ML Workloads},
  journal      = {arXiv preprint arXiv:2503.13064},
  year         = {2025}, % Year in ArXiv ID
  version      = {v2},
  eprinttype   = {arxiv},
  eprint       = {2503.13064v2},
  howpublished = {\url{https://arxiv.org/html/2503.13064v2}},
  note         = {Accessed: April 15, 2025. Also cited as ref 37}
}

@misc{githubCacheSim,
  author       = {Bhargava, Mudit},
  title        = {muditbhargava66/CacheSimulator: A high-performance cache and memory hierarchy simulator...},
  howpublished = {\url{https://github.com/muditbhargava66/CacheSimulator}},
  note         = {Accessed: April 15, 2025. Also cited as ref 38}
}

@misc{papon2024enhancing,
  author       = {Papon, Nazmus Sakib},
  title        = {Enhancing Data Systems Performance by Exploiting SSD Concurrency \& Asymmetry},
  howpublished = {\url{https://cs-people.bu.edu/papon/pdfs/paper-icde24-phd-symposium.pdf}},
  year         = {2024},
  note         = {Accessed: April 15, 2025. PhD Symposium paper. Also cited as ref 39}
}

@misc{cmuMemHierarchySlides,
  author       = {{Carnegie Mellon University}},
  title        = {Memory Hierarchy},
  howpublished = {\url{https://www.cs.cmu.edu/afs/cs/academic/class/15740-f19/www/lectures/02-03-memory-hierarchy.pdf}},
  note         = {Accessed: April 15, 2025. Course slides. Also cited as ref 40}
}

@misc{lpmNotion,
  author       = {{Notion Blog}},
  title        = {How Lean portfolio management leads to business excellence},
  howpublished = {\url{https://www.notion.com/blog/lean-portfolio-management}},
  note         = {Accessed: April 15, 2025. Different LPM context. Also cited as ref 41}
}

@misc{lpmIconAgility,
  author       = {{ICON Blog & Webinars}},
  title        = {Lean Portfolio Management (LPM)},
  howpublished = {\url{https://blog.iconagility.com/lean-portfolio-management}},
  note         = {Accessed: April 15, 2025. Different LPM context. Also cited as ref 42}
}

@misc{lpmBusinessmap,
  author       = {{Businessmap}},
  title        = {Lean Portfolio Management: The Key Element of Business Agility},
  howpublished = {\url{https://businessmap.io/agile/agile-at-scale/lean-portfolio-management}},
  note         = {Accessed: April 15, 2025. Different LPM context. Also cited as ref 43}
}

@misc{lpmProblemsDummies,
  author       = {{Dummies.com}},
  title        = {3 Main Linear Probability Model (LPM) Problems},
  howpublished = {\url{https://www.dummies.com/article/business-careers-money/business/economics/3-main-linear-probability-model-lpm-problems-156466/}},
  note         = {Accessed: April 15, 2025. Different LPM context. Also cited as ref 44}
}

@misc{lpmWestDesign,
  author       = {{West Design & Analysis}},
  title        = {The Linear Probability Model Ain't So Bad},
  year         = {2024},
  howpublished = {\url{https://westdesignanalysis.com/2024/05/01/the-linear-probability-model-aint-so-bad/}},
  note         = {Accessed: April 15, 2025. Different LPM context. Also cited as ref 45}
}

@misc{lpmWiki,
  author       = {{Wikipedia}},
  title        = {Linear probability model},
  howpublished = {\url{https://en.wikipedia.org/wiki/Linear_probability_model}},
  note         = {Accessed: April 15, 2025. Different LPM context. Also cited as ref 46}
}

@article{ultrasonicMatchingLayer,
  author       = {Author(s) Unknown},
  title        = {Design of matching layers for high-frequency ultrasonic transducers},
  journal      = {PMC},
  volume       = {PMC4583513},
  howpublished = {\url{https://pmc.ncbi.nlm.nih.gov/articles/PMC4583513/}},
  note         = {Accessed: April 15, 2025. Different matching context. Also cited as ref 47}
}

@article{knowledgeDistillationMatching,
  author       = {Peng, Borui and Wang, Zheyuan and Chen, Hongxing and Wu, Lingxi and Zhang, Han and Chen, Yunhe and Liu, Chang},
  title        = {Revisiting Intermediate-Layer Matching in Knowledge Distillation: Layer-Selection Strategy Doesn't Matter (Much)},
  journal      = {arXiv preprint arXiv:2502.04499},
  year         = {2025}, % Year in ArXiv ID
  version      = {v1},
  eprinttype   = {arxiv},
  eprint       = {2502.04499v1},
  howpublished = {\url{https://arxiv.org/html/2502.04499v1}},
  note         = {Accessed: April 15, 2025. Different matching context. Also cited as ref 48}
}

@misc{snnLayerSyncLimitations,
  author       = {Author(s) Unknown},
  title        = {Exploring the Limitations of Layer Synchronization in Spiking Neural Networks},
  howpublished = {\url{https://openreview.net/forum?id=6iM7mmVhXh}},
  note         = {Accessed: April 15, 2025. Different context. Also cited as ref 49}
}

@misc{mitLPMAI,
  author       = {{MIT Media Lab}},
  title        = {Overview ‹ Large Population Models},
  howpublished = {\url{https://www.media.mit.edu/projects/ai-lpm/overview/}},
  note         = {Accessed: April 15, 2025. Different LPM context (Large Population Models). Also cited as ref 50}
}

@article{lpmNetMobileRobots,
  author       = {Author(s) Unknown},
  title        = {{LPM-Net}: A Data-Driven Resource-Efficient Predictive Motion Planner for Mobile Robots},
  journal      = {ResearchGate Publication},
  year         = {2024}, % Guess based on citation number
  doi          = {10.1109/ICRA51893.2024.10561207}, % Example DOI if found
  howpublished = {\url{https://www.researchgate.net/publication/388196078_LPM-Net_A_Data-Driven_Resource-Efficient_Predictive_Motion_Planner_for_Mobile_Robots}},
  note         = {Accessed: April 15, 2025. Different LPM context. Also cited as ref 51}
}

@inproceedings{lu2024chrome,
  author       = {Lu, Kai and Wang, Yijia and Sun, Xian-He},
  title        = {{CHROME}: Concurrency-Aware Holistic Cache Management Framework with Online Reinforcement Learning},
  booktitle    = {Proceedings of the 2024 USENIX Annual Technical Conference (USENIX ATC '24)},
  year         = {2024},
  howpublished = {\url{http://cs.iit.edu/~scs/assets/files/lu2024chrome.pdf}},
  note         = {Accessed: April 15, 2025. Related work from the same group. Also cited as ref 52}
}

@misc{llmStackOpt,
  author       = {{Klu.ai}},
  title        = {LLM Stack Layers \& Performance Optimization},
  howpublished = {\url{https://klu.ai/glossary/maximize-llm-stack-performance}},
  note         = {Accessed: April 15, 2025. Different layer optimization context. Also cited as ref 53}
}

@inproceedings{crossLayerOptAgent,
  author       = {Author(s) Unknown},
  title        = {Design and Development of Optimization Agent in Cross Layered Framework},
  journal      = {ResearchGate Publication}, % Placeholder
  year         = {2021}, % Guess based on citation number
  doi          = {10.1109/ICACCS54159.2021.9676241}, % Example DOI if found
  howpublished = {\url{https://www.researchgate.net/publication/357594574_Design_and_Development_of_Optimization_Agent_in_Cross_Layered_Framework}},
  note         = {Accessed: April 15, 2025. Different layer optimization context. Also cited as ref 54}
}

@inproceedings{leapsAircraftPerf,
  author       = {Author(s) Unknown},
  title        = {An Overview of the Layered and Extensible Aircraft Performance System (LEAPS) Development},
  booktitle    = {AIAA SciTech Forum},
  year         = {2018},
  doi          = {10.2514/6.2018-1754},
  howpublished = {\url{https://arc.aiaa.org/doi/10.2514/6.2018-1754}},
  note         = {Accessed: April 15, 2025. Different layered system context. Also cited as ref 55}
}

@misc{sourceforgeC,
  author       = {{SourceForge}},
  title        = {Best Open Source C Software},
  howpublished = {\url{https://sourceforge.net/directory/c/}},
  note         = {Accessed: April 15, 2025. General open source listing. Also cited as ref 56}
}

@article{tpccUva,
  author       = {Author(s) Unknown},
  title        = {{TPCC-UVa}: An open-source TPC-C implementation for global performance measurement of computer systems},
  journal      = {ResearchGate Publication}, % Placeholder
  year         = {2012}, % Guess based on context
  doi          = {10.1145/2380718.2380723}, % Example DOI if found
  howpublished = {\url{https://www.researchgate.net/publication/234793870_TPCC-UVa_An_open-source_TPC-C_implementation_for_global_performance_measurement_of_computer_systems}},
  note         = {Accessed: April 15, 2025. Open source tool example. Also cited as ref 57}
}

@misc{gem5Intro,
  author       = {{Vayavya Labs}},
  title        = {Introducing gem5 : An Open-Source Computer Architecture Simulator},
  howpublished = {\url{https://vayavyalabs.com/blogs/introducing-gem5-an-open-source-computer-architecture-simulator/}},
  note         = {Accessed: April 15, 2025. Also cited as ref 58}
}

@misc{goLPM,
  author       = {Cookiengineer},
  title        = {lpm package - github.com/cookiengineer/lpm},
  howpublished = {\url{https://pkg.go.dev/github.com/cookiengineer/lpm}},
  note         = {Accessed: April 15, 2025. Different LPM (networking). Also cited as ref 59}
}

@misc{amdFidelityFXLPM,
  author       = {{AMD GPUOpen}},
  title        = {AMD FidelityFX™ Luminance Preserving Mapper (HDR Mapper)},
  howpublished = {\url{https://gpuopen.com/fidelityfx-lpm/}},
  note         = {Accessed: April 15, 2025. Different LPM (graphics). Also cited as ref 60}
}

@misc{githubLiblpm,
  author       = {Mindaugas Rasiukevicius (rmind)},
  title        = {rmind/liblpm: Longest Prefix Match (LPM) library},
  howpublished = {\url{https://github.com/rmind/liblpm}},
  note         = {Accessed: April 15, 2025. Different LPM (networking). Also cited as ref 61}
}

@inproceedings{gem5EvalIntelAmd,
  author       = {Author(s) Unknown},
  title        = {Performance Evaluation of Intel and AMD Memory Hierarchies Using a Simulation-driven Approach With Gem5},
  booktitle    = {Proceedings of the XXIX Symposium on Integrated Circuits and Systems Design (SBCCI)}, % Example venue
  year         = {2023}, % Guess based on citation number
  howpublished = {\url{https://sol.sbc.org.br/index.php/sscad_estendido/article/download/26444/26267/}},
  note         = {Accessed: April 15, 2025. Example of gem5 usage. Also cited as ref 62}
}

@misc{gitbookToolsUtils,
  author       = {S, Rajesh},
  title        = {Tools and Utilities | Computer Engineering Resources},
  howpublished = {\url{https://rajesh-s.gitbook.io/compengg/area_specific/tools_and_utils}},
  note         = {Accessed: April 15, 2025. Lists performance tools. Also cited as ref 63}
}

@misc{perfToolsWiki,
  author       = {{Wikipedia}},
  title        = {List of performance analysis tools},
  howpublished = {\url{https://en.wikipedia.org/wiki/List_of_performance_analysis_tools}},
  note         = {Accessed: April 15, 2025. Also cited as ref 64}
}

@misc{perfToolsFiveable,
  author       = {{Fiveable Library}},
  title        = {Performance Profiling and Analysis Tools | Parallel and Distributed Computing Class Notes},
  howpublished = {\url{https://library.fiveable.me/parallel-and-distributed-computing/unit-8/performance-profiling-analysis-tools/study-guide/uhgn9Yt1Be8zOugr}},
  note         = {Accessed: April 15, 2025. Also cited as ref 65}
}

@misc{edgePerfToolsRef,
  author       = {{Microsoft Edge Developer documentation}},
  title        = {Performance features reference},
  howpublished = {\url{https://learn.microsoft.com/en-us/microsoft-edge/devtools-guide-chromium/performance/reference}},
  note         = {Accessed: April 15, 2025. Also cited as ref 66}
}

@misc{loadTestTools,
  author       = {{Test Guild}},
  title        = {15 Top Load Testing Software Tools for 2025 (Open Source Guide)},
  howpublished = {\url{https://testguild.com/load-testing-tools/}},
  note         = {Accessed: April 15, 2025. Also cited as ref 67}
}

@misc{cppPerfTools,
  author       = {MattPD},
  title        = {cpplinks/performance.tools.md at master},
  howpublished = {\url{https://github.com/MattPD/cpplinks/blob/master/performance.tools.md}},
  note         = {Accessed: April 15, 2025. List of C++ performance tools. Also cited as ref 68}
}